@article{DBLP:journals/sosym/MorseCN015,
  author    = {Jeremy Morse and
               Lucas C. Cordeiro and
               Denis A. Nicole and
               Bernd Fischer},
  title     = {Model checking {LTL} properties over {ANSI-C} programs with bounded
               traces},
  journal   = {Software and System Modeling},
  volume    = {14},
  number    = {1},
  pages     = {65--81},
  year      = {2015},
  doi = {10.1007/s10270-013-0366-0}
}

@book{DBLP:books/daglib/0019162,
  author    = {Aaron R. Bradley and
               Zohar Manna},
  title     = {The calculus of computation - decision procedures with applications
               to verification},
  publisher = {Springer},
  year      = {2007}
}

@article{DBLP:journals/fac/SchrammelKBMTB17,
  author    = {Peter Schrammel and
               Daniel Kroening and
               Martin Brain and
               Ruben Martins and
               Tino Teige and
               Tom Bienm{\"{u}}ller},
  title     = {Incremental bounded model checking for embedded software},
  journal   = {Formal Asp. Comput.},
  volume    = {29},
  number    = {5},
  pages     = {911--931},
  year      = {2017},
  doi = {10.1007/s00165-017-0419-1}
}

@article{DBLP:journals/sttt/GadelhaIC17,
  author    = {Mikhail Y. R. Gadelha and
               Hussama Ibrahim Ismail and
               Lucas C. Cordeiro},
  title     = {Handling loops in bounded model checking of {C} programs via k-induction},
  journal   = {{STTT}},
  volume    = {19},
  number    = {1},
  pages     = {97--114},
  year      = {2017}
}

@inproceedings{DBLP:conf/asplos/Solar-LezamaTBSS06,
  author    = {Armando Solar{-}Lezama and
               Liviu Tancau and
               Rastislav Bod{\'{\i}}k and
               Sanjit A. Seshia and
               Vijay A. Saraswat},
  title     = {Combinatorial sketching for finite programs},
  publisher = {{ACM}},
  booktitle = {{ASPLOS}},
  pages     = {404--415},
  year      = {2006}
}

@inproceedings{DBLP:conf/tacas/BiereCCZ99,
  author    = {Armin Biere and
               Alessandro Cimatti and
               Edmund M. Clarke and
               Yunshan Zhu},
  title     = {Symbolic {M}odel {C}hecking without {BDD}s},
  booktitle = {{TACAS}},
  pages     = {193--207},
  year      = {1999},
  series    = {LNCS},
  volume    = {1579},
}

@article{Abdulateef,
author = {J Abdulateef},
title = {Simulation of solar off- grid photovoltaic system for residential unit},
journal = {Int. J. of Sust. and Green Energy},
year = {2014},
volume = {4},
number = {3-1},
pages = {29-33}
}

@article{Brano,
  author={V Brano and A Orioli and G Ciulla and A Gangi},
  title={Modeling , Design and Simulation of Stand-Alone Photovoltaic Power Systems with Battery Storage},
  journal = {Solar Energ. Mat. \& Solar Cells},  
  year={2010},
  volume={94},
  pages = {1358-1370}
}

@article{Catherine,
author = {D Catherine and K Bhaskar},
title = {Simulation of a solar MPPT charger using Cuk converter for standalone application},
journal = {Int. J. of Elec., Electron. and Comp. Syst. (IJEECS)},
year = {2013},
volume = {1},
number = {1}
}

@article{Chauhan,
author = {A Chauhan and R Saini},
title = {Renewable energy based off-grid rural electrification in Uttarakhand state of India: Technology options, modelling method, barriers and recommendations},
journal = {Ren. and Sust. Energ. Rev.},
year = {2015},
volume = {51},
pages = {662-681}
}

@article{Copetti,
author = {J Copetti and E Lorenzo and F Chenlo},
title = {A general battery model for {PV} system simulation},
journal = {Prog. in Photovoltaics: Res. and App.},
year = {1993},
volume = {1},
number = {4},
pages = {283-292},
doi = {10.1002/pip.4670010405}
}

@article{Cubas,
AUTHOR = {Javier Cubas and Santiago Pindado and Felix Sorribes-Palmer},
TITLE = {Analytical Calculation of Photovoltaic Systems Maximum Power Point ({MPP}) Based on the Operation Point},
JOURNAL = {Applied Sciences},
VOLUME = {7},
YEAR = {2017},
NUMBER = {9},
pages = {870-884},
doi = {10.3390/app7090870}
}

@article{Dhanowa,
author = {A Dhanowa and V Garg},
title = {Modeling and Simulation of an off Grid PV system for with Battery Backup for Remote and Rural Area Network},
journal = {Int. J. of Eng. Research \& Technology (IJERT)},
year = {2015},
volume = {4},
number = {06},
pages = {915-918}
}

@Article{Durisch,
author = {W Durisch and D Tille and A Worz and W Plapp},
title = {Characterisation of photovoltaic generators},
journal = {Applied Energy},
year = {2000},
volume = {65},
number = {1-4},
pages = {273-284}
}

@Article{Ferrari,
author = {S Ferrari and M Lazzaroni V Piuri and A Salman and L Cristaldi and M Faifer and S Toscani}, 
title = {Solar panel modelling through computational intelligence techniques},
journal = {Meas.: J. of the Int. Meas. Conf.},
year = {2016},
number = {93},
pages = {572-580}
}

@Article{Gules,
author = {R Gules and J Pacheco and H Hey and J Imhoff},
title = {A maximum power point tracking system with parallel connection for PV stand alone applications},
journal = {IEEE Tran. on Indust. Elect.},
year = {2008},
volume = {55},
number = {7},
pages = {2674-2683}
}
 
@Article{Haque,
author = {A Haque},
title = {Maximum Power Point Tracking (MPPT) Scheme for Solar Photovoltaic System},
journal = {Energ. Technology \& Policy},
year = {2014},
volume = {1},
number = {1},
pages = {115-122}
}


@Article{Hasan,
author = {M Hasan and S Parida},
title = {An overview of solar photovoltaic panel modeling based on analytical and experimental viewpoint},
journal = {Renew. and Sust. Energ. Rev.},
year = {2016},
volume = {60},
pages = {75-83}
}

@Article{Jakhrani,
author = {A Jakhrani and S Samo and S Kamboh and J Labadin and A Rigit},
title = {An Improved Mathematical Model for Computing Power Output of Solar Photovoltaic Modules},
journal = {Int. J. of Phot.},
year = {2014},
volume = {2014},
number = {ID 346704},
pages = {9}
}

@Article{Kim,
author = {S Kim},
title = {Sliding mode controller for the single-phase grid connected photovoltaic system},
journal = {Applied Energy},
year = {2006},
volume = {83},
number = {10},
pages = {1101-1115}
}
 
@Article{Mahanta,
author = {P Mahanta and K Debnath and M Rahman},
title = {Modeling and Simulation of a PV Module Based Power System Using MATLAB/Simulink},
journal = {Dhaka Univ. J. of Science},
year = {2014},
volume = {62},
number = {2},
pages = {127-132}
}

@Article{Manwell93,
author = {J Manwell and J McGowan},
title = {Lead acid battery storage model for hybrid energy systems},
journal = {Solar Energy},
year = {1993},
volume = {50},
number = {5},
pages = {399-405}
}

@Article{Mellit,
author = {A Mellit and M Benghanem and S Kalogirou},
title = {Modeling and simulation of a stand-alone photovoltaic system using an adaptive artificial neural network: Proposition for a new sizing procedure},
journal = {Renew. Energ.},
year = {2007},
volume = {32},
number = {2},
pages = {285-313}
}

@Article{Noroozian,
author = {R Noroozian and G Gharehpetian},
title = {An investigation on combined operation of active power filter with photovoltaic arrays},
journal = {Int. J. of Elec. Power \& Energ. Syst.},
year = {2013},
volume = {46},
pages = {392-399}
}

@Article{Rajanna,
author = {S Rajanna and R Saini},
title = {Modeling of integrated renewable energy system for electrification of a remote area in {I}ndia},
journal = {Renew. Energ.},
year = {2016},
volume = {90},
number = {C},
pages = {175-187}
}

@Article{Saloux,
author = {E Saloux and A Teyssedou and M Sorin},
title = {Explicit model of photovoltaic panels to determine voltages and currents at the maximum power point},
journal = {Solar Energy},
year = {2011},
volume = {85},
number = {5},
pages = {713-722},
doi = {10.1016/j.solener.2010.12.022}
}

@Article{Sukamongkol,
author = {Y Sukamongkol and S Chungpaibulpatana and W Ongsakul},
title = {A simulation model for predicting the performance of a solar photovoltaic system with alternating current loads},
journal = {Renew. Energ.},
year = {2002},
volume = {27},
number = {2},
pages = {237-258}
}

@Article{Rawat,
author = {R Rawat and S Kaushik and R Lamba},
title = {A review on modeling, design methodology and size otimization of photovoltaic based motor pumping, standalone and grid connectec system},
journal = {Renew. and Sust. Energ. Rev.},
year = {2016},
volume = {57},
pages = {1506-1519}
}

@Article{Clarkeetal,
author = {Edmund Clarke and E Emerson and J Sifakis},
title = {Model checking: algorithmic verification and debugging},
journal = {Commu. of the ACM},
year = {2009},
volume = {51},
number = {11},
pages = {74-84}
}

@Article{Trindade,
author = {Alessandro Trindade and Lucas Cordeiro},
title = {Applying {SMT}-based verification to hardware/software partitioning in embedded systems},
journal = {Des. Aut. for Emb. Syst. (DAES)},
year = {2016},
volume = {20},
number = {1},
pages = {1-19}
}

@Article{Cordeiro,
author = {Lucas Cordeiro and B Fischer and J Marques-Silva},
title = {S{MT}-based bounded model checking for embedded {ANSI-C} software},
journal = {IEEE Trans. on Soft. Eng.},
year = {2012},
volume = {38},
number = {4},
pages = {957-974}
}

@Article{GadelhaK,
author = {M Gadelha and Hussama Ismail and Lucas Cordeiro},
title = {Handling loops in bounded model checking of {C} programs via k-induction},
journal = {Int. J. on Soft. Tools for Tech. Trans. STTT},
year = {2017},
volume = {19},
number = {1},
pages = {97-114}
}

@Article{Bessa,
author = {Iury Bessa and Hussama Ismail and R Palhares and Lucas Cordeiro and J Chaves Filho},
title = {Formal NonFragile Stability Verification of Digital Control Systems with Uncertainty},
journal = {In IEEE Trans. on Comp.},
year = {2017},
volume = {66},
number = {3},
pages = {545-552}
}

@Article{Abateetal2014,
author = {Alessandro Abate and M Fr√§nzle and I Hiskens and M Strelec},
title = {Modeling, Verification, and Control of Complex Systems for Energy Networks},
journal = {Dagstuhl Rep.},
year = {2014},
volume = {4},
number = {10},
pages = {69-97}
}

@Article{Schrammel2017,
author = {Peter Schrammel and Daniel Kroening and Martin Brain and Ruben Martins and Tino Teige and Tom Bienm√ºller},
title = {Incremental bounded model checking for embedded software},
journal = {Form. Asp. of Comp.},
year = {2017},
volume = {29},
number = {5},
pages = {911--931},
issn={1433-299X},
doi={10.1007/s00165-017-0419-1},
url={https://doi.org/10.1007/s00165-017-0419-1}
}

@Article{Pradhan,
author = {S Pradhan and S Singh and M Choudhury and D Dwivedy},
title = {Study of Cost Analysis and Emission Analysis for Grid Connected {PV} Systems using {RETSCREEN} 4 Simulation Software},
journal = {Int. J. of Eng. Res. \& Tech.},
pages = {203-207},
year = {2015},
volume = {4},
number = {4},
}

@Article{Mills,
author = {A Mills and S Al-Hallaj},
title = {Simulation of hydrogen-based hybrid systems using {H}ybrid2},
journal = {Int. J. of Hydrog. Energy},
pages = {991-999},
year = {2004},
volume = {29},
number = {10},
doi = {10.1016/j.ijhydene.2004.01.004}
}

@Article{Shenawy,
author = {E Shenawy and O Esmail and A Elbaset and H Hamed},
title = {Practical Identification of Photovoltaic Module Parameters},
journal = {ISESCO J. of Sci. and Tech.},
pages = {66-71},
year = {2015},
volume = {11},
number = {19}
}

@Article{Villalva,
author = {M Villalva and J Gazoli and E Filho},
title = {Comprehensive Approach to Modeling and Simulation of Photovoltaic Arrays},
journal = {IEEE Trans. on Power Elec.},
pages = {1198-1208},
year = {2009},
volume = {24},
doi = {10.1109/TPEL.2009.2013862}
}

%%%%%%%%%%%%%%%%%%%%%%%%%%%%%%%%%%%%%%%CONFERENCE ARTICLES
@inproceedings{Badejani,
author = {M Badejani and M Masoum and M Kalanta},
editor = {Australasian Universities},
title = {Power Engineering Conference},
booktitle = {AUPEC 2007},
year = {2007},
pages = {1-6}
}

@InProceedings{Abate2017,
author = {Alessandro Abate},
title = {Verification of Networks of Smart Energy Systems over the Cloud},
booktitle = {Num. Soft. Verif.},
pages = {1-14},
year = {2017},
editor = {S Bogomolov and M Martel and P Prabhakar},
volume = {LNCS 10152},
doi = {10.1007/978-3-319-54292-8}
}

@InProceedings{Kroening,
author = {Daniel Kroening and M Tautschnig},
title = {{CBMC} ‚Äì {C} {B}ounded {M}odel {C}hecker (Competition Contribution)},
booktitle = {Tools and Alg. for the Const. and An. of Sys. (TACAS)},
pages = {389-391},
year = {2014},
volume = {LNCS 8413}
}

@InProceedings{GadelhaSBMF,
author = {M Gadelha and L Cordeiro and D Nicole},
title = {Encoding floating-points using the {SMT} theory in {ESBMC}: An empirical evaluation over the {SV-COMP} benchmarks},
booktitle = {20th Brazilian Symp. on Form. Meth. (SBMF)},
pages = {91-106},
year = {2017},
volume = {LNCS 10623}
}

@InProceedings{Brummayer,
author = {R Brummayer and A Biere},
title = {Boolector: An Efficient {SMT} Solver for Bit-Vectors and Arrays},
booktitle = {Tools and Alg. for the Const. and An. of Sys. (TACAS)},
pages = {174-177},
year = {2009},
volume = {LNCS 5505},
doi = {10.1007/978-3-642-00768-2_16}
}

@InProceedings{DeMoura,
author = {L De Moura and N Bj$\o$rner},
title = {Z3: {A}n {E}fficient {SMT} {S}olver},
booktitle = {Tools and Alg. for the Const. and An. of Sys. (TACAS)},
pages = {337-340},
year = {2008},
volume = {LNCS 4963}
}

@InProceedings{Cimatti,
author = {A Cimatti and A Griggio and B Schaafsma and R Sebastiani},
title = {The {M}ath{SAT5} {SMT} {S}olver},
booktitle = {Tools and Alg. for the Const. and An. of Sys. (TACAS)},
pages = {93-107},
year = {2013},
volume = {LNCS 7795}
}

@InProceedings{Dutertre,
author = {B Dutertre},
title = {Yices 2.2},
editor = {A Biere and R Bloem},
booktitle = {Comp. Aid. Verif. (CAV)},
pages = {734-744},
year = {2014},
volume = {LNCS 8559}
}

@InProceedings{Coelho,
author = {S Coelho and A Sanches-Pereira and L Tudeschini and J Escobar and M Poveda and N Coluna and A Collin and E La Rovere and Alessandro Trindade and O Pereira},
title = {Biomass Residues as Electricity Generation Source in Low {HD} Source in Regions of {B}razil},
booktitle = {The XI Latin. Cong. of Elec. Gener. and Transm. CLAGTEE},
pages = {1-8},
year = {2015},
editor = {UNESP},
doi = {10.13140/RG.2.1.2747.7208}
}
 
@InProceedings{David,
author = {C David and Daniel Kroening and M Lewis},
title = {Using program synthesis for program analysis},
editor = {M Davis and A Fehnker and A McIver and A Voronkov},
booktitle = {20th Int. Conf. on Logic for Prog., Art. Intel., and Reas.},
pages = {483-498},
year = {2015},
volume = {9450},
editor = {Springer}
}

@InProceedings{Yatimi,
author = {H Yatimi and E Aroudam},
title = {Modeling and Simulation of a Stand-alone Photovoltaic System},
booktitle = {Xth Int. Conf. on Int. Des. and Prod.},
year = {2015},
editor = {Tangier: {M}arocco}
}

@InProceedings{Barrett,
author = {C Barrett and C Conway and M Deters and L Hadarean and D Jovanovic and T King and A Reynolds and C Tinelli},
title = {C{VC}4},
booktitle = {Comp. Aid. Verif. (CAV)},
pages = {171-177},
year = {2011},
volume = {LNCS 6806}
}

@InProceedings{Abateetal2017,
author = {A Abate and I Bessa and D Cattaruzza and Lucas Cordeiro and C David and P Kesseli and Daniel Kroening and E Polgreen},
title = {Automated Formal Synthesis of Digital Controllers for State-Space Physical Plants},
editores = {R Majumdar and V Kuncak},
booktitle = {Comp. Aided Verif. (CAV)},
pages = {462-482},
year = {2017},
volume = {LNCS 10426}
}

@InProceedings{Ramalho,
author = {M Ramalho and M Freitas and F Sousa and H Marques and Lucas Cordeiro and B Fischer},
title = {S{MT}-{B}ased {B}ounded {M}odel {C}hecking of {C}++ {P}rograms},
booktitle = {20th IEEE Int. Conf. and Work. on Eng. of Comp. Bas. Syst. (ECBS)},
pages = {147-156},
year = {2013}
}

@InProceedings{Manwell94,
author = {J Manwell and J McGowan},
title = {Extension of the Kinetic Battery Model for Wind/Hybrid Power Systems},
booktitle = {5th Eur. Wind Energy Assoc. Conf.},
pages = {284-289},
year = {1994}
}

@InProceedings{Ross,
author = {R Ross},
title = {Flat-Plate Photovoltaic Array Design Optimization},
booktitle = {14th IEEE Photovoltaic Specialists Conference},
pages = {1126-1132},
year = {1980},
editor = {San Diego, CA}
}

@InProceedings{Cameron2008,
author = {Christopher Cameron and William Boyson and Daniel Riley},
title = {Comparison of {PV} system performance-model predictions with measured {PV} system performance},
booktitle = {33rd IEEE Photov. Spec. Conf.},
pages = {1-6},
year = {2008},
}

@InProceedings{Swarnkar,
author = {N Swarnkar and L Gidwani and R Sharma},
title = {An application of {HOMER P}ro in optimization of hybrid energy system for electrification of technical institute},
booktitle = {Int. Conf. on Energ. Eff. Tech. for Sust. (ICEETS)},
pages = {56-61},
year = {2016},
doi = {10.1109/ICEETS.2016.7582899}
}

@InProceedings{Alur,
author = {R Alur and R Bodik and G Juniwal and M Martin and M Raghothaman and S Seshia and R Singh and A Solar-Lezama and E Torlak and A Udupa},
title = {Syntax-guided synthesis},
booktitle = {2013 Form. Meth. in Comp. Aid. Des.},
pages = {1-17},
year = {2013}
}


%%%%%%%%%%%%%%%%%%%%%%%%%%%%%%%CHAPTER IN BOOK
@Inbook{Forejt2011,
author = {F Forejt and M Kwiatkowska and G Norman and D Parker},
editor = {Marco Bernardo and Val√©rie Issarny},
title = {Automated Verification Techniques for Probabilistic Systems},
bookTitle = {Formal Methods for Eternal Networked Software Systems: 11th International School on Formal Methods for the Design of Computer, Communication and Software Systems, SFM 2011},
year = {2011},
publisher = {Springer Berlin Heidelberg},
address = {Berlin, Heidelberg},
pages = {53--113}
}

@InBook{Mohanty,
author = {P Mohanty and K Sharma and M Gujar and M Kolhe and A Azmi},
editor = {P Mohanty and T Muneer and M Kolhe},
title = {Solar Photovoltaic System Applications},
chapter = {PV System Design for Off-Grid Applications},
publisher = {Springer International Publishing},
year = {2016},
pages = {49-83},
doi = {10.1007/978-3-319-14663-8}
}

@InBook{Clarke2008,
author = {Edmund Clarke},
editor = {O Grumberg and H Veith},
title = {25 Years of Model Checking},
chapter = {The birth of model checking},
publisher = {Springer},
year = {2008},
pages = {1-26}
}

@InBook{Karekesi,
author = {S Karekesi and K Lata and S Coelho},
editor = {D Abmann and U Laumanns and D Uh},
title = {Renewable Energy - A Global Review of Technologies, Policies and Markets},
chapter = {Traditional Biomass Energy: Improving Its Use and Moving to Modern Energy Use},
publisher = {London: Earthscan},
year = {2006},
pages = {231-261}
}

%%%%%%%%%%%%%%%%%%%%%%%%%%%%%%%%%%%%%%%%%%%%%%%%BOOK
@Book{Hansen,
author = {A Hansen and P S$\o$rensen and L Hansen and H Bindner},
title = {Models for a stand-alone {PV} system},
publisher = {Forskningscenter Risoe},
series = {Denmark. Forskningscenter Risoe. Risoe-r},
year = {2001},
number = {1219}
}

@Book{Baier,
author = {C Baier and J-P Katoen},
title = {Principles of model checking},
publisher = {The MIT Press},
year = {2008},
address = {London}
}

@Book{Wenham,
author = {S Wenham and M Green and M Watt},
title = {Applied Photovoltaics},
publisher = {Center for Photovoltaic Devices and Systems},
year = {1994},
address = {Australia}
}

@Book{Brooks,
author = {W Brooks and J Dunlop},
title = {{NABCEP: PV} Installation Professional Resource Guide},
publisher = {NABCEP},
year = {2013},
address = {Clifton Park, NY}
}

@Book{EPIA,
author = {EPIA},
title = {Global market outlook for photovoltaics 2017-2021},
publisher = {European Phototoltaic Industry Association},
year = {2017},
address = {Belgium}
}

@Book{IRENA,
author = {IRENA},
title = {Renewable Energy Policy Brief: Brazil},
publisher = {International Renewable Energy Agency (IRENA)},
year = {2015},
address = {Abu Dhabi, United Arab Emirates}
}

@Book{Pinho,
author = {J Pinho and M Galdino},
title = {Manual de Engenharia para Sistemas Fotovoltaicos},
publisher = {CEPEL ‚Äì CRESESB},
year = {2014},
address = {Rio de Janeiro/RJ}
}

@Book{King,
author = {D King and W Boyson and J Kratochvill},
title = {Photovoltaic Array Performance Model},
publisher = {Sandia National Laboratories},
year = {2004},
address = {Albuquerque, New Mexico}
}

@Book{Lorenzo,
author = {E Lorenzo},
title = {Solar Electricity Engineering of Photovoltaic Systems},
publisher = {Artes Gr√°ficas Gala, S.L.},
year = {1994},
address = {Spain}
}

@Book{Kremers,
author = {E Kremers},
title = {Modelling and Simulation of Electrical Systems through a Complex Systems Approach using Agent-Based Models},
publisher = {KIT Scientific Publishing, Karlsruhe},
year = {2013},
address = {Karlsruhe - Germany}
}

%%%%%%%%%%%%%%%%%%%%%%%%%%%%%%%%%%ONLINE
@Misc{SEIA,
author = {SEIA},
title = {Solar Energy},
howpublished = {http://www.seia.org/about/solar-energy},
year = {2016},
note = {[Accessed 1st October 2016]}
}

@Misc{UC,
author = {UC},
title = {Cyber-Physical Systems},
howpublished = {http://cyberphysicalsystems.org/},
year = {2016},
note = {[Accessed 1st October 2016]}
}

@Misc{SamlexSolar,
author = {SamlexSolar.com},
title = {Solar (PV) Cell, Module, Array},
howpublished = {http://www.samlexsolar.com/learning-center/solar-cell-module-array.aspx},
year = {2017},
note = {[Accessed 28 December 2017]}
}

@Misc{HOMER,
author = {HOMER},
title = {The {HOMER} Microgrid software},
howpublished = {http://www.homerenergy.com/software.html},
note = {[Accessed 1st June 2019]}
}

@Misc{UMASS,
author = {University of Massachusetts Amherst UMASS},
title = {Hybrid2},
howpublished = {http://www.umass.edu/windenergy/research/topics/tools/software/hybrid2},
year = {2016},
note = {[Accessed 1st October 2016]}
}

%%%%%%%%%%%%%%%%%%%%%%%%%%%%%%%%%%%Thesis 
@MastersThesis{Roy,
author = {T Roy},
title = {Simulation and Analysis of Photovoltaic Stand- Alone Systems},
school = {Department of Electrical Engineering National Institute of Technology},
year = {2013},
type = {Technology in Electrical Engineering},
address = {Rourkela, Odisha, India}
}

%%%%%%%%%%TECHNICAL REPORT
@TechReport{Freeman,
author = {Janine Freeman and Jonathan Whitmore and Nate Blair and Aron Dobos},
title = {Validation of Multiple Tools for Flat Plate Photovoltaic Modeling Against Measured Data},
institution = {National Renewable Energy Laboratory},
year = {2014},
address = {Colorado},
}

@TechReport{NRELDobos,
author = {Aron Dobos},
title = {P{VW}atts {V}ersion 5 {M}anual},
institution = {National Renewable Energy Laboratory},
year = {2014},
address = {Colorado},
}

@TechReport{NRELBlair,
author = {Nate Blair and Aron Dobos and Janine Freeman and Ty Neises and Michael Wagner},
title = {System {A}dvisor {M}odel, {SAM} 2014.1.14: {G}eneral {D}escription},
institution = {National Renewable Energy Laboratory},
year = {2014},
address = {Colorado},
}

@TechReport{Tian,
author = {H Tian and F Mancilla‚ÄìDavid and K Ellis and E Muljadic and J Jenkins},
title = {A Detailed Performance Model for Photovoltaic Systems},
institution = {National Renewable Energy Laboratory},
year = {2012},
address = {Colorado},
}


%%%%%%%%%%UPDATED IN NOV/2018
@Article{Benatiallah2017,
author = {A Benatiallah and D Benatiallah and T Ghaitaoui and A Harrouz and S Mansouri},
title = {Modelling and Simulation of Renewable Energy Systems in {A}lgeria},
journal = {Int. J. of Sc. and App. Inf. Tech},
year = {2017},
volume = {7},
number = {1},
pages = {17-22}
}

@Article{Samrat2014,
author = {Nahidul Samrat and Norhafizan Ahmad and Imtiaz Choudhury and Zahari Taha},
title = {Modeling, Control, and Simulation of Battery Storage Photovoltaic-Wave Energy Hybrid Renewable Power Generation Systems for Island Electrification in {M}alaysia},
journal = {The Scient. World J.},
year = {2014},
volume = {2014},
number = {ID 436376},
pages = {1-21}
}


@InProceedings{Lamnadi2017,
author = {Mouna Lamnadi and Mourad Trihi and Abdelkader Boulezhar},
title = {Study of a Hybrid Renewable Energy System for a Rural School in {T}agzirt, {M}orocco},
booktitle = {Int. Ren. and Sust. Energ. Conf. (IRSEC)},
pages = {381-386},
year = {2017},
doi = {10.1109/IRSEC.2016.7984079}
}

@InProceedings{Sugumar2017,
author = {Gayathri Sugumar and Rajaskar Selvamuthukumaran and Tomislav Dragicevic and Ulrik Nyman and Kim Larsen and Frede Blaabjerg},
title = {Formal Validation of Supervisory Energy Management Systems for Microgrids},
booktitle = {IECON 2017 - 43rd Ann. Conf. of the IEEE Ind. Elec. Soc.},
year = {2017}
}


@InProceedings{Driouich2017,
author = {Y. Driouich and M. Parente and E. Tronci},
title = {Modeling cyber-physical systems for automatic verification},
booktitle = {14th Int. Conf. on Synth., Mod., Appl. to Circ. Des. (SMACD 2017)},
pages = {1-4},
year = {2017},
doi = {10.1109/SMACD.2017.7981621}
}

@InProceedings{Driouich2018,
author = {Youssef Driouich and Mimmo Parente and Enrico Tronci},
title = {A methodology for a complete simulation of Cyber-Physical Energy Systems},
booktitle = {IEEE Work. on Envir., Energ., and Struc. Monit. Syst. (EESMS)},
pages = {1-5},
year = {2018},
doi = {10.1109/EESMS.2018.8405826}
}

@InProceedings{Natsheh2012,
author = {E Natsheh and A Albarbar},
title = {Solar power plant performance evaluation: simulation and experimental validation},
booktitle = {J. of Physics: Conf. Ser.},
pages = {1-13},
year = {2012},
volume = {364},
doi = {10.1088/1742-6596/364/1/012122}
}

@InProceedings{Ammar2016,
author = {Marwan Ammar and Khaza Hoque and Otmane Mohamed},
title = {Formal analysis of fault tree using probabilistic model checking: A solar array case study},
booktitle = {Annual IEEE Syst. Conf. (SysCon)},
year = {2016},
}

@PhdThesis{BrianGoss2015,
author = {Brian Goss},
title = {Design process optimisation of solar photovoltaic systems},
school = {Loughborough University},
year = {2015}
}


@Article{Akram2018,
author="Akram, Waseem
and Niazi, Muaz A.",
title="A formal specification framework for smart grid components",
journal="Complex Adaptive Systems Modeling",
year="2018",
month="Sep",
day="03",
volume="6",
number="1",
pages="5",
doi="10.1186/s40294-018-0057-3"
}

@article{Hall1990,
 author = {Hall, Anthony},
 title = {Seven Myths of Formal Methods},
 journal = {IEEE Softw.},
 issue_date = {September 1990},
 volume = {7},
 number = {5},
 month = sep,
 year = {1990},
 issn = {0740-7459},
 pages = {11--19},
 numpages = {9}
} 

@InBook{BrinkmannKelf2018,
author = {Raik Brinkmann and Dave Kelf},
editor = {Rolf Drechsler},
title = {Formal System Verification State-of the-Art and Future Trends},
chapter = {Formal Verification ‚Äî The Industrial Perspective},
publisher = {Springer},
year = {2018},
pages = {155-182}
}

@InBook{Hartmanns2012,
author = {Arnd Hartmanns and Holger Hermanns},
editor = {Tiziana Margaria and Bernhard Steffen},
title = {Leveraging Applications of Formal Methods, Verification and Validation},
chapter = {Modelling and Decentralised Runtime Control of Self-stabilising Power Micro Grids},
publisher = {Springer},
year = {2012},
volume = {5th Int. Symp., ISoLA 2012, Proceedings, Part I},
pages = {420-439}
}

@InBook{Wognsen2014,
author = {Erik Wognsen and Rene Hansen and Kim Larsen},
editor = {Tiziana Margaria and Bernhard Steffen},
title = {Leveraging Applications of Formal Methods, Verification and Validation. Specialized Techniques and Applications},
chapter = {Battery-Aware Scheduling of Mixed Criticality Systems},
publisher = {Springer},
year = {2014},
volume = {6th International Symposium, ISoLA 2014, Proceedings, Part II},
pages = {208-222}
}

@InProceedings{Gow1999,
author = {J. Gow and C. Manning},
title = {Development of A Photovoltaic Array Model for Use in Power-electronics Simulation Studies},
booktitle = {Proceedings of the 14th IEE Electric Power Applications Conference},
pages = {193-200},
year = {1999},
volume = {146(2)},
doi = { 10.1049/ip-epa:19990116}
}

@incollection{ClarkeHV18,
  author    = {Edmund M. Clarke and
               Thomas A. Henzinger and
               Helmut Veith},
  title     = {Introduction to Model Checking},
  booktitle = {Handbook of Model Checking.},
  pages     = {1--26},
  publisher = {Springer},
  year      = {2018},
  doi = {10.1007/978-3-319-10575-8_1}
}

@Inbook{Clarke2012,
author={Edmund Clarke and William Klieber and Milo{\v{s} Nov{\'a}{\v{c}}ek} and Paolo Zuliani},
title={Model Checking and the State Explosion Problem},
bookTitle={Tools for Practical Software Verification: LASER, International Summer School 2011},
year={2012},
publisher={Springer},
address={Berlin},
pages={1--30},
doi={10.1007/978-3-642-35746-6_1}
}

@InProceedings{esbmc2018,
    author    = {Mikhail Gadelha and
                 Felipe Monteiro and
                 Jeremy Morse and
                 Lucas Cordeiro and
                 Bernd Fischer and
                 Denis Nicole},
    title     = {{ESBMC} 5.0: An Industrial-Strength {C} Model Checker},
    booktitle = {$33^{rd}$ ACM/IEEE Int. Conf. on Aut. Soft. Engin. (ASE'18)},
    pages     = {888--891},
    doi       = {10.1145/3238147.3240481},
    year      = {2018},
    publisher = {ACM},
    address   = {New York, NY, USA}
}

@Misc{ANSI2018,
author = {{ISO}},
title = {{ISO/IEC} 9899:2018 {I}nformation {T}echnology -- {P}rogramming {L}anguages -- {C}},
howpublished = {https://www.iso.org/standard/74528.html},
year = {2018},
note = {[Acessed 14 November 2018]}
}

@Misc{Temperature,
author = {Weatherbase},
title = {Manaus, {A}mazonas {T}ravel {W}eather {A}verages},
howpublished = {\url{https://www.weatherbase.com/weather/weather.php3?s=23328\&cityname=Manaus\%2C+Amazonas\%2C+Brazil}},
year = {2018},
note = {[Acessed 09 July 2018]}
}

@Misc{Irradiance,
  author = "{EnergyPlus}",
  title = "Weather Data by Location",
  howpublished = "\url{https://energyplus.net/weather-location/south_america_wmo_region_3/BRA//BRA_AM_Manaus-Gomez.Intl.AP.817300_INMET}",
  year = "2018",
  note = "[Acessed 09 July 2018]"
}

@PhdThesis{Morse2015,
author = {Jeremy Morse},
title = {Expressive and efficient bounded model checking of concurrent software},
school = {University of Southampton},
year = {2015}
}

%%%%%%%%%%UPDATED IN JAN/2019
@Book{IEAeao2017,
author = {{IEA}},
title = {Energy Access Outlook-2017},
publisher = {OECD/IEA},
year = {2017},
address = {Paris}
}

@Book{IEAwes2018,
author = {{IEA}},
title = {Key world energy statistics},
publisher = {OECD/IEA},
year = {2018},
address = {Paris}
}

@Book{IEAweo2018,
author = {{IEA}},
title = {World Energy Outlook 2018},
publisher = {IEA},
year = {2018},
address = {Paris}
}

@Book{IEA2017,
author = {Michael Wetter and Christoph van Treeck},
title = {New Generation Computational Tools for Building \& Community Energy Systems - {A}nnex 60 {F}inal {R}eport},
publisher = {International Energy Agency (IEA)},
year = {2017},
address = {Paris}
}

@InProceedings{Jager-Waldau,
author = {A. J\"{a}ger-Waldau},
title = {Snapshot of photovoltaics - February 2018},
booktitle = {EPJ Photovoltaics},
year = {2018},
volume = {9},
number = {6}
}

@InProceedings{Hussein2012,
author = {M. Hussein and W. {Leal Filho}},
title = {Analysis of energy as a precondition for improvement of living conditions and poverty reduction in sub-{S}aharan {A}frica},
booktitle = {Scientific Research and Essays},
pages = {2656--2666},
year = {2012},
volume = {7(30)},
doi = {10.5897/SRE11.929}
}

@InProceedings{Sengupta2015,
author = {A. Sengupta and S. Mukhopadhyay and A. Sinha},
title = {Automated Verification of Power System Protection Schemes‚Äî{P}art {I}: Modeling and Specifications},
booktitle = {IEEE Tran. on Power Del.},
pages = {2077--2086},
year = {2015},
volume = {30(5)},
doi = {10.1109/TPWRD.2014.2376571}
}

@InProceedings{Yukseletall2012,
author = {Ender Y√ºksel and Huibiao Zhu and Hanne Riis Nielson and Heqing Huang and Flemming Nielson},
title = {Modelling and Analysis of Smart Grid: A Stochastic Model Checking Case Study},
booktitle = {Sixth International Symposium on Theoretical Aspects of Software Engineering},
pages = {25--32},
year = {2012},
doi = {10.1109/TASE.2012.44}
}

@InProceedings{Gomez2014,
author = {Francisco G√≥mez and Luigi Vanfretti and Svein Olsen},
title = {A Modelica-Based Execution and Simulation Engine for Automated Power System Model Validation},
booktitle = {IEEE PES Innovative Smart Grid Technologies},
year = {2014}
}

@InProceedings{Cheng2015,
author = {Bei Cheng and Xiao Wang and Jufu Liu and Dehui Du},
title = {Modana: An Integrated Framework for Modeling and Analysis of Energy-Aware {CPS}s},
booktitle = {IEEE 39th Annual Computer Software and Applications Conference},
pages = {127-136}, 
year = {2015},
doi = {10.1109/COMPSAC.2015.68}
}

@InBook{Automizer2018,
author = {Matthias Heizmann and Yu-Fang Chen and Daniel Dietsch and Marius Greitschus and Jochen Hoenicke and Yong Li and Alexander Nutz and Betim Musa and Christian Schilling and Tanja Schindler and Andreas Podelski},
editor = {D. Beyer and M. Huisman},
title = {TACAS 2018},
chapter = {Ultimate Automizer and the Search for Perfect Interpolants},
publisher = {Springer},
volume = {LNCS 10806},
year = {2018},
pages = {447-451}
}

@InBook{CEGAR,
author = {Dirk Beyer and Stefan L\"{o}we},
editor = {Vittorio Cortellessa and D√°niel Varr√≥},
title = {16th international conference on Fund. Appr. to Soft. Eng.},
chapter = {Explicit-State software model checking based on {CEGAR} and interpolation},
publisher = {Springer-Verlag},
year = {2013},
OPTpages = {146-162}
}

@Misc{EPE2018,
 author   = {{E}mpresa de {P}esquisa {E}nerg√©tica - EPE},
 title     = {{S}istemas {I}solados - {P}lanejamento {C}iclo 2018 - 2023},
 howpublished = {http://www.epe.gov.br/sites-pt/publicacoes-dados-abertos/publicacoes},
 year = {2018},
 note = {[Acessed 04 April 2019]}
}

@Article{Khatib2014,
author = {Tamer Khatib and Wilfried Elmenreich},
title = {Optimum Availability of Standalone Photovoltaic Power Systems for Remote Housing Electrification},
journal = {Int. Journal of Photoenergy},
year = {2014},
number = {Article ID 475080},
pages = {5 pages},
doi = {10.1155/2014/475080}
}

@InProceedings{Beyer2011,
author = {Dirk Beyer and M. Erkan Keremoglu},
title = {{CPA}checker: A Tool for Configurable Software Verification},
booktitle = {Lecture {N}otes in {C}omputer {S}cience},
pages = {184-190},
year = {2011},
publisher = {Springer, Berlin, Heidelberg},
editor = {Ganesh Gopalakrishnan and Shaz Qadeer},
volume = {LNCS 6806},
doi = {10.1007/978-3-642-22110-1_16}
}

@inproceedings{mathsat5,
  author = {Alessandro Cimatti and Alberto Griggio and Bastiaan Schaafsma and Roberto Sebastiani},
  title = {{The MathSAT5 SMT Solver}},
  editor = {Nir Piterman and Scott Smolka},
  booktitle = {Proceedings of TACAS},
  pages = {93-107},
  year = {2013},
  volume = {7795},
  series = {LNCS},
  publisher = {Springer}
}


@article{abs-1811-09438,
  author    = {Alessandro Trindade and
               Lucas C. Cordeiro},
  title     = {Automated Verification of Stand-alone Solar Photovoltaic Systems},
  journal   = {CoRR},
  volume    = {abs/1811.09438},
  year      = {2018},
  url       = {http://arxiv.org/abs/1811.09438},
  archivePrefix = {arXiv},
  eprint    = {1811.09438},
  timestamp = {Fri, 30 Nov 2018 12:44:28 +0100},
  biburl    = {https://dblp.org/rec/bib/journals/corr/abs-1811-09438},
  bibsource = {dblp computer science bibliography, https://dblp.org}
}

@Article{Alsadi2018,
author = {Alsadi, S.; Khatib, T.},
title = {Photovoltaic Power Systems Optimization Research Status: A Review of Criteria, Constrains, Models, Techniques, and Software Tools},
journal = {Appl. Sci.},
year = {2018},
volume = {8},
number = {1761},
pages = {1-30},
doi = {https://doi.org/10.3390/app8101761}
}

@inproceedings{Metzger2014,
 author = {Metzger, Andreas and Pohl, Klaus},
 title = {Software Product Line Engineering and Variability Management: Achievements and Challenges},
 booktitle = {FOSE},
 year = {2014},
 pages = {70--84},
 doi = {10.1145/2593882.2593888}
}

@Misc{NSF2015,
 author   = {{N}ational {S}cience {F}oundation - NSF},
 title     = {Cyber {P}hysical {S}ystems, {NSF} 15-541},
 howpublished = {http://www.nsf.gov/pubs/2015/nsf15541/nsf15541.pdf},
 year = {2015},
 note = {[Acessed 24 April 2019]}
}

@inproceedings{Al-Jaroodi2016,
  author    = {Al-Jaroodi et al.},
  title     = {Software Engineering Issues for Cyber-Physical Systems},
  booktitle = {{SMARTCOMP}},
  pages     = {1--6},
  year      = {2016},
  doi       = {10.1109/SMARTCOMP.2016.7501717}
}

@Misc{NESSI,
 author   = {{N}etworked {E}uropean {S}oftware and {S}ervices Initiative - NESSI},
 title     = {{S}oftware {E}ngineering: {K}ey {E}nabler for {I}nnovation},
 howpublished = {http://www.nessi-europe.eu/Files/Private/NESSI\_SE\_WhitePaper-FINAL.pdf},
 year = {2014},
 note = {[Acessed 24 April 2019]}
}

@inproceedings{Filieri2015,
 author = {{A. Filieri et al.}},
 title = {Software Engineering Meets Control Theory},
 booktitle = {SEAMS '15},
 year = {2015},
 pages = {71--82},
 url = {http://dl.acm.org/citation.cfm?id=2821357.2821370},
}

@inproceedings{KwiatkowskaNP11,
  author    = {Marta Z. Kwiatkowska and
               Gethin Norman and
               David Parker},
  title     = {{PRISM} 4.0: Verification of Probabilistic Real-Time Systems},
  booktitle = {{CAV}},
  pages     = {585--591},
  series    = {LNCS},
  volume    = {6806},
  year      = {2011}
}

@Article{sketch,
author="Solar-Lezama, Armando",
title="Program sketching",
journal="Int. J. on Soft. Tools for Tech. Transf.",
year="2013",
volume="15",
number="5",
pages="475--495",
doi="10.1007/s10009-012-0249-7",
}

@InProceedings{Agrener2013,
author = {Alessandro Trindade},
title = {Ferramenta de An√°lise Comparativa de Projetos de Eletrifica√ß√£o Rural com Fontes Renov√°veis de Energia na Amaz√¥nia},
booktitle = {IX Congresso sobre Gera√ß√£o Distribu√≠da e Energia no Meio Rural - AGRENER GD},
pages = {n.pag.},
year = {2013}
}

@ARTICLE{Zhou2010,
title = {Current status of research on optimum sizing of stand-alone hybrid solar-wind power generation systems},
author = {Zhou, Wei and Lou, Chengzhi and Li, Zhongshi and Lu, Lin and Yang, Hongxing},
year = {2010},
journal = {Applied Energy},
volume = {87},
number = {2},
pages = {380-389},
url = {https://EconPapers.repec.org/RePEc:eee:appene:v:87:y:2010:i:2:p:380-389}
}

@Book{Park2004,
author = {C Park and P Kumar and N Kumar},
title = {Fundamentals of Engineering Economics},
publisher = {Prentice Hall},
year = {2004},
OPTaddress = {NJ, USA}
}

@article{Kamel2005,
title = "The economics of hybrid power systems for sustainable desert agriculture in {E}gypt",
journal = "Energy",
volume = "30",
number = "8",
pages = "1271 - 1281",
year = "2005",
note = "{D}ubrovnik Conference on Sustainable Development of Energy, Water and Environment Systems",
issn = "0360-5442",
doi = "https://doi.org/10.1016/j.energy.2004.02.004",
author = "Sami Kamel and Carol Dahl"
}

@article{Applasamy2011,
  title={Cost evaluation of a stand-alone residential photovoltaic power system in Malaysia},
  author={Vigneswaran Applasamy},
  journal={2011 IEEE Symposium on Business, Engineering and Industrial Applications (ISBEIA)},
  year={2011},
  pages={214-218}
}