@article{Abdulateef,
author = {J Abdulateef},
title = {Simulation of solar off- grid photovoltaic system for residential unit},
journal = {International Journal of Sustainable and Green Energy. Special Issue: Engineering Solution for High Performance of Solar Energy System},
year = {2014},
volume = {4},
number = {3-1},
pages = {29-33}
}

@article{Brano,
  author={V Brano and A Orioli and G Ciulla and A Gangi},
  title={Modeling , Design and Simulation of Stand-Alone Photovoltaic Power Systems with Battery Storage},
  journal = {Solar Energy Materials \& Solar Cells},  
  year={2010},
  volume={94},
  pages = {1358-1370}
}

@article{Catherine,
author = {D Catherine and K Bhaskar},
title = {Simulation of a solar MPPT charger using Cuk converter for standalone application},
journal = {International Journal of Electrical, Electronics and Computer Systems (IJEECS)},
year = {2013},
volume = {1},
number = {1}
}

@article{Chauhan,
author = {A Chauhan and R Saini},
title = {Renewable energy based off-grid rural electrification in Uttarakhand state of India: Technology options, modelling method, barriers and recommendations},
journal = {Renewable and Sustainable Energy Reviews},
year = {2015},
volume = {51},
pages = {662-681}
}

@article{Copetti,
author = {J Copetti and E Lorenzo and F Chenlo},
title = {A general battery model for PV system simulation},
journal = {Progress in Photovoltaics: Research and Applications},
year = {1993},
volume = {1},
number = {4},
pages = {283-292},
doi = {10.1002/pip.4670010405}
}

@article{Cubas,
AUTHOR = {Javier Cubas and Santiago Pindado and Felix Sorribes-Palmer},
TITLE = {Analytical Calculation of Photovoltaic Systems Maximum Power Point (MPP) Based on the Operation Point},
JOURNAL = {Applied Sciences},
VOLUME = {7},
YEAR = {2017},
NUMBER = {9},
pages = {870-884},
URL = {http://www.mdpi.com/2076-3417/7/9/870},
ISSN = {2076-3417},
DOI = {10.3390/app7090870}
}

@article{Dhanowa,
author = {A Dhanowa and V Garg},
title = {Modeling and Simulation of an off Grid PV system for with Battery Backup for Remote and Rural Area Network},
journal = {International Journal of Engineering Research \& Technology (IJERT)},
year = {2015},
volume = {4},
number = {06},
pages = {915-918}
}

@Article{Durisch,
author = {W Durisch and D Tille and A Worz and W Plapp},
title = {Characterisation of photovoltaic generators},
journal = {Applied Energy},
year = {2000},
volume = {65},
number = {1-4},
pages = {273-284}
}

@Article{Ferrari,
author = {S Ferrari and M Lazzaroni V Piuri and A Salman and L Cristaldi and M Faifer and S Toscani}, 
title = {Solar panel modelling through computational intelligence techniques},
journal = {Measurement: Journal of the International Measurement Confederation},
year = {2016},
number = {93},
pages = {572-580}
}

@Article{Gules,
author = {R Gules and J Pacheco and H Hey and J Imhoff},
title = {A maximum power point tracking system with parallel connection for PV stand alone applications},
journal = {IEEE Transactions on Industrial Electronics},
year = {2008},
volume = {55},
number = {7},
pages = {2674-2683}
}
 
@Article{Haque,
author = {A Haque},
title = {Maximum Power Point Tracking (MPPT) Scheme for Solar Photovoltaic System},
journal = {Energy Technology \& Policy},
year = {2014},
volume = {1},
number = {1},
pages = {115-122}
}


@Article{Hasan,
author = {M Hasan and S Parida},
title = {An overview of solar photovoltaic panel modeling based on analytical and experimental viewpoint},
journal = {Renewable and Sustainable Energy Reviews},
year = {2016},
volume = {60},
pages = {75-83}
}

@Article{Jakhrani,
author = {A Jakhrani and S Samo and S Kamboh and J Labadin and A Rigit},
title = {An Improved Mathematical Model for Computing Power Output of Solar Photovoltaic Modules},
journal = {International Journal of Photoenergy},
year = {2014},
volume = {2014},
number = {ID 346704},
pages = {9}
}

@Article{Kim,
author = {S Kim},
title = {Sliding mode controller for the single-phase grid connected photovoltaic system},
journal = {Applied Energy},
year = {2006},
volume = {83},
number = {10},
pages = {1101-1115}
}
 
@Article{Mahanta,
author = {P Mahanta and K Debnath and M Rahman},
title = {Modeling and Simulation of a PV Module Based Power System Using MATLAB/Simulink},
journal = {Dhaka University Journal of Science},
year = {2014},
volume = {62},
number = {2},
pages = {127-132}
}

@Article{Manwell93,
author = {J Manwell and J McGowan},
title = {Lead acid battery storage model for hybrid energy systems},
journal = {Solar Energy},
year = {1993},
volume = {50},
number = {5},
pages = {399-405}
}

@Article{Mellit,
author = {A Mellit and M Benghanem and S Kalogirou},
title = {Modeling and simulation of a stand-alone photovoltaic system using an adaptive artificial neural network: Proposition for a new sizing procedure},
journal = {Renewable Energy},
year = {2007},
volume = {32},
number = {2},
pages = {285-313}
}

@Article{Noroozian,
author = {R Noroozian and G Gharehpetian},
title = {An investigation on combined operation of active power filter with photovoltaic arrays},
journal = {International Journal of Electrical Power \& Energy Systems},
year = {2013},
volume = {46},
pages = {392-399}
}

@Article{Rajanna,
author = {S Rajanna and R Saini},
title = {Modeling of integrated renewable energy system for electrification of a remote area in India},
journal = {Renewable Energy},
year = {2016},
volume = {90},
number = {C},
pages = {175-187}
}

@Article{Saloux,
author = {E Saloux and A Teyssedou and M Sorin},
title = {Explicit model of photovoltaic panels to determine voltages and currents at the maximum power point},
journal = {Solar Energy},
year = {2011},
volume = {85},
number = {5},
pages = {713-722}
}

@Article{Sukamongkol,
author = {Y Sukamongkol and S Chungpaibulpatana and W Ongsakul},
title = {A simulation model for predicting the performance of a solar photovoltaic system with alternating current loads},
journal = {Renewable Energy},
year = {2002},
volume = {27},
number = {2},
pages = {237-258}
}

@Article{Rawat,
author = {R Rawat and S Kaushik and R Lamba},
title = {A review on modeling, design methodology and size otimization of photovoltaic based motor pumping, standalone and grid connectec system},
journal = {Renewable and Sustainable Energy Reviews},
year = {2016},
volume = {57},
pages = {1506-1519}
}

@Article{Clarkeetal,
author = {Edmund Clarke and E Emerson and J Sifakis},
title = {Model checking: algorithmic verification and debugging},
journal = {Communications of the ACM},
year = {2009},
volume = {51},
number = {11},
pages = {74-84}
}

@Article{Trindade,
author = {Alessandro Trindade and Lucas Cordeiro},
title = {Applying SMT-based verification to hardware/software partitioning in embedded systems},
journal = {Design Automation for Embedded Systems (DAES)},
year = {2016},
volume = {20},
number = {1},
pages = {1-19}
}

@Article{Cordeiro,
author = {Lucas Cordeiro and B Fischer and J Marques-Silva},
title = {SMT-based bounded model checking for embedded ANSI-C software},
journal = {IEEE Transactions on Software Engineering},
year = {2012},
volume = {38},
number = {4},
pages = {957-974}
}

@Article{GadelhaK,
author = {M Gadelha and Hussama Ismail and Lucas Cordeiro},
title = {Handling loops in bounded model checking of C programs via k-induction},
journal = {International Journal on Software Tools for Technology Transfer STTT},
year = {2017},
volume = {19},
number = {1},
pages = {97-114}
}

@Article{Bessa,
author = {Iury Bessa and Hussama Ismail and R Palhares and Lucas Cordeiro and J Chaves Filho},
title = {Formal NonFragile Stability Verification of Digital Control Systems with Uncertainty},
journal = {In IEEE Transactions on Computers},
year = {2017},
volume = {66},
number = {3},
pages = {545-552}
}

@Article{Abateetal2014,
author = {Alessandro Abate and M Fränzle and I Hiskens and M Strelec},
title = {Modeling, Verification, and Control of Complex Systems for Energy Networks},
journal = {Dagstuhl Reports},
year = {2014},
volume = {4},
number = {10},
pages = {69-97}
}

@Article{Schrammel2017,
author = {Peter Schrammel and Daniel Kroening and Martin Brain and Ruben Martins and Tino Teige and Tom Bienmüller},
title = {Incremental bounded model checking for embedded software},
journal = {Formal Aspects of Computing},
year = {2017},
volume = {29},
number = {5},
pages = {911--931},
issn={1433-299X},
doi={10.1007/s00165-017-0419-1},
url={https://doi.org/10.1007/s00165-017-0419-1}
}

@Article{Pradhan,
author = {S Pradhan and S Singh and M Choudhury and D Dwivedy},
title = {Study of Cost Analysis and Emission Analysis for Grid Connected PV Systems using RETSCREEN 4 Simulation Software},
journal = {International Journal of Engineering Research \& Technology},
pages = {203-207},
year = {2015},
volume = {4},
number = {4},
}

@Article{Mills,
author = {A Mills and S Al-Hallaj},
title = {Simulation of hydrogen-based hybrid systems using Hybrid2},
journal = {International Journal of Hydrogen Energy},
pages = {991-999},
year = {2004},
volume = {29},
number = {10},
}

@Article{Shenawy,
author = {E Shenawy and O Esmail and A Elbaset and H Hamed},
title = {Practical Identification of Photovoltaic Module Parameters},
journal = {ISESCO Journal of Science and Technology},
pages = {66-71},
year = {2015},
volume = {11},
number = {19}
}

@Article{Villalva,
author = {M Villalva and J Gazoli and E Filho},
title = {Comprehensive Approach to Modeling and Simulation of Photovoltaic Arrays},
journal = {IEEE Transactions on Power Electronics},
pages = {1198-1208},
year = {2009},
volume = {24}
}

%%%%%%%%%%%%%%%%%%%%%%%%%%%%%%%%%%%%%%%CONFERENCE ARTICLES
@inproceedings{Badejani,
author = {M Badejani and M Masoum and M Kalanta},
editor = {Australasian Universities},
title = {Power Engineering Conference},
booktitle = {AUPEC 2007},
year = {2007},
pages = {1-6}
}

@InProceedings{Abate2017,
author = {Alessandro Abate},
title = {Verification of Networks of Smart Energy Systems over the Cloud},
booktitle = {Numerical Software Verification},
pages = {1-14},
year = {2017},
editor = {S Bogomolov and M Martel and P Prabhakar},
volume = {LNCS 10152}
}

@InProceedings{Kroening,
author = {Daniel Kroening and M Tautschnig},
title = {CBMC – C Bounded Model Checker (Competition Contribution)},
booktitle = {Tools and Algorithms for the Construction and Analysis of Systems (TACAS)},
pages = {389-391},
year = {2014},
volume = {LNCS 8413}
}

@InProceedings{GadelhaSBMF,
author = {M Gadelha and L Cordeiro and D Nicole},
title = {Encoding floating-points using the SMT theory in ESBMC: An empirical evaluation over the SV-COMP benchmarks},
booktitle = {20th Brazilian Symposium on Formal Methods (SBMF)},
pages = {91-106},
year = {2017},
volume = {LNCS 10623}
}

@InProceedings{Brummayer,
author = {R Brummayer and A Biere},
title = {Boolector: An Efficient SMT Solver for Bit-Vectors and Arrays},
booktitle = {Tools and Algorithms for the Construction and Analysis of Systems (TACAS)},
pages = {174-177},
year = {2009},
volume = {LNCS 5505}
}

@InProceedings{DeMoura,
author = {L De Moura and N Bj$\o$rner},
title = {Z3: An Efficient SMT Solver},
booktitle = {Tools and Algorithms for the Construction and Analysis of Systems (TACAS)},
pages = {337-340},
year = {2008},
volume = {LNCS 4963}
}

@InProceedings{Cimatti,
author = {A Cimatti and A Griggio and B Schaafsma and R Sebastiani},
title = {The MathSAT5 SMT Solver},
booktitle = {Tools and Algorithms for the Construction and Analysis of Systems (TACAS)},
pages = {93-107},
year = {2013},
volume = {LNCS 7795}
}

@InProceedings{Dutertre,
author = {B Dutertre},
title = {Yices 2.2},
editor = {A Biere and R Bloem},
booktitle = {Computer Aided Verification (CAV)},
pages = {734-744},
year = {2014},
volume = {LNCS 8559}
}

@InProceedings{Coelho,
author = {S Coelho and A Sanches-Pereira and L Tudeschini and J Escobar and M Poveda and N Coluna and A Collin and E La Rovere and Alessandro Trindade and O Pereira},
title = {Biomass Residues as Electricity Generation Source in Low HD Source in Regions of Brazil},
booktitle = {The XI LatinAmerican Congress of Electricity Generation and Transmition CLAGTEE},
pages = {1-8},
year = {2015},
editor = {UNESP}
}
 
@InProceedings{David,
author = {C David and Daniel Kroening and M Lewis},
title = {Using program synthesis for program analysis},
editor = {M Davis and A Fehnker and A McIver and A Voronkov},
booktitle = {20th International Conference on Logic for Programming, Artificial Intelligence, and Reasoning},
pages = {483-498},
year = {2015},
volume = {9450},
editor = {Springer}
}

@InProceedings{Yatimi,
author = {H Yatimi and E Aroudam},
title = {Modeling and Simulation of a Stand-alone Photovoltaic System},
booktitle = {Xth International Conference on Integrated Design and Production},
year = {2015},
editor = {Tangier: Marocco}
}

@InProceedings{Barrett,
author = {C Barrett and C Conway and M Deters and L Hadarean and D Jovanovic and T King and A Reynolds and C Tinelli},
title = {CVC4},
booktitle = {Computer Aided Verification},
pages = {171-177},
year = {2011},
volume = {LNCS 6806}
}

@InProceedings{Abateetal2017,
author = {A Abate and I Bessa and D Cattaruzza and Lucas Cordeiro and C David and P Kesseli and Daniel Kroening and E Polgreen},
title = {Automated Formal Synthesis of Digital Controllers for State-Space Physical Plants},
editores = {R Majumdar and V Kuncak},
booktitle = {Computer Aided Verification},
pages = {462-482},
year = {2017},
volume = {LNCS 10426}
}

@InProceedings{Ramalho,
author = {M Ramalho and M Freitas and F Sousa and H Marques and Lucas Cordeiro and B Fischer},
title = {SMT-Based Bounded Model Checking of C++ Programs},
booktitle = {20th IEEE International Conference and Workshops on Engineering of Computer Based Systems (ECBS)},
pages = {147-156},
year = {2013}
}

@InProceedings{Manwell94,
author = {J Manwell and J McGowan},
title = {Extension of the Kinetic Battery Model for Wind/Hybrid Power Systems},
booktitle = {5th European Wind Energy Association Conference},
pages = {284-289},
year = {1994}
}

@InProceedings{Ross,
author = {R Ross},
title = {Flat-Plate Photovoltaic Array Design Optimization},
booktitle = {14th IEEE Photovoltaic Specialists Conference},
pages = {1126-1132},
year = {1980},
editor = {San Diego, CA}
}

@InProceedings{Cameron2008,
author = {Christopher Cameron and William Boyson and Daniel Riley},
title = {Comparison of PV system performance-model predictions with measured PV system performance},
booktitle = {33rd IEEE Photovoltaic Specialists Conference},
pages = {1-6},
year = {2008},
}

@InProceedings{Swarnkar,
author = {N Swarnkar and L Gidwani and R Sharma},
title = {An application of HOMER Pro in optimization of hybrid energy system for electrification of technical institute},
booktitle = {International Conference on Energy Efficient Technologies for Sustainability (ICEETS)},
pages = {56-61},
year = {2016}
}

@InProceedings{Alur,
author = {R Alur and R Bodik and G Juniwal and M Martin and M Raghothaman and S Seshia and R Singh and A Solar-Lezama and E Torlak and A Udupa},
tutle = {Syntax-guided synthesis},
booktitle = { 2013 Formal Methods in ComputerAided Design},
pages = {1-17},
year = {2013}
}


%%%%%%%%%%%%%%%%%%%%%%%%%%%%%%%CHAPTER IN BOOK
@Inbook{Forejt2011,
author = {F Forejt and M Kwiatkowska and G Norman and D Parker},
editor = {Marco Bernardo and Valérie Issarny},
title = {Automated Verification Techniques for Probabilistic Systems},
bookTitle = {Formal Methods for Eternal Networked Software Systems: 11th International School on Formal Methods for the Design of Computer, Communication and Software Systems, SFM 2011},
year = {2011},
publisher = {Springer Berlin Heidelberg},
address = {Berlin, Heidelberg},
pages = {53--113}
}

@InBook{Mohanty,
author = {P Mohanty and K Sharma and M Gujar and M Kolhe and A Azmi},
editor = {P Mohanty and T Muneer and M Kolhe},
title = {Solar Photovoltaic System Applications},
chapter = {PV System Design for Off-Grid Applications},
publisher = {Springer International Publishing},
year = {2016},
pages = {49-83}
}

@InBook{Clarke2008,
author = {Edmund Clarke},
editor = {O Grumberg and H Veith},
title = {25 Years of Model Checking},
chapter = {The birth of model checking},
publisher = {Springer},
year = {2008},
pages = {1-26}
}

@InBook{Karekesi,
author = {S Karekesi and K Lata and S Coelho},
editor = {D Abmann and U Laumanns and D Uh},
title = {Renewable Energy - A Global Review of Technologies, Policies and Markets},
chapter = {Traditional Biomass Energy: Improving Its Use and Moving to Modern Energy Use},
publisher = {London: Earthscan},
year = {2006},
pages = {231-261}
}

%%%%%%%%%%%%%%%%%%%%%%%%%%%%%%%%%%%%%%%%%%%%%%%%BOOK
@Book{Hansen,
author = {A Hansen and P S$\o$rensen and L Hansen and H Bindner},
title = {Models for a stand-alone PV system},
publisher = {Forskningscenter Risoe},
year = {2001},
number = {1219}
}

@Book{Baier,
author = {C Baier and J-P Katoen},
title = {Principles of model checking},
publisher = {The MIT Press},
year = {2008},
address = {London}
}

@Book{Wenham,
author = {S Wenham and M Green and M Watt},
title = {Applied Photovoltaics},
publisher = {Center for Photovoltaic Devices and Systems},
year = {1994},
address = {Australia}
}

@Book{Brooks,
author = {W Brooks and J Dunlop},
title = {NABCEP: PV Installation Professional Resource Guide},
publisher = {NABCEP},
year = {2013},
address = {Clifton Park, NY}
}

@Book{EPIA,
author = {EPIA},
title = {Global market outlook for photovoltaics 2017-2021},
publisher = {European Phototoltaic Industry Association},
year = {2017},
address = {Belgium}
}

@Book{IRENA,
author = {IRENA},
title = {Renewable Energy Policy Brief: Brazil},
publisher = {International Renewable Energy Agency (IRENA)},
year = {2015},
address = {Abu Dhabi, United Arab Emirates}
}

@Book{Pinho,
author = {J Pinho and M Galdino},
title = {Manual de Engenharia para Sistemas Fotovoltaicos},
publisher = {CEPEL – CRESESB},
year = {2014},
address = {Rio de Janeiro/RJ}
}

@Book{King,
author = {D King and W Boyson and J Kratochvill},
title = {Photovoltaic Array Performance Model},
publisher = {Sandia National Laboratories},
year = {2004},
address = {Albuquerque, New Mexico}
}

@Book{Lorenzo,
author = {E Lorenzo},
title = {Solar Electricity Engineering of Photovoltaic Systems},
publisher = {Artes Gráficas Gala, S.L.},
year = {1994},
address = {Spain}
}

@Book{Kremers,
author = {E Kremers},
title = {Modelling and Simulation of Electrical Systems through a Complex Systems Approach using Agent-Based Models},
publisher = {KIT Scientific Publishing, Karlsruhe},
year = {2013},
address = {Karlsruhe - Germany}
}

%%%%%%%%%%%%%%%%%%%%%%%%%%%%%%%%%%ONLINE
@Misc{SEIA,
author = {SEIA},
title = {Solar Energy},
howpublished = {http://www.seia.org/about/solar-energy},
note = {Accessed 1st October, 2016}
}

@Misc{UC,
author = {UC},
title = {Cyber-Physical Systems},
howpublished = {http://cyberphysicalsystems.org/},
note = {Accessed 1st October, 2016}
}

@Misc{SamlexSolar,
author = {SamlexSolar.com},
title = {Solar (PV) Cell, Module, Array},
howpublished = {http://www.samlexsolar.com/learning-center/solar-cell-module-array.aspx},
note = {Accessed 28th December, 2017}
}

@Misc{HOMER,
author = {HOMER},
title = {The HOMER Microgrid software},
howpublished = {http://www.homerenergy.com/software.html},
note = {1st October 2016}
}

@Misc{UMASS,
author = {University of Massachusetts Amherst UMASS},
title = {Hybrid2},
howpublished = {http://www.umass.edu/windenergy/research/topics/tools/software/hybrid2},
note = {1st October 2016}
}

%%%%%%%%%%%%%%%%%%%%%%%%%%%%%%%%%%%Thesis 
@MastersThesis{Roy,
author = {T Roy},
title = {Simulation and Analysis of Photovoltaic Stand- Alone Systems},
school = {Department of Electrical Engineering National Institute of Technology},
year = {2013},
type = {Technology in Electrical Engineering},
address = {Rourkela, Odisha, India}
}

%%%%%%%%%%TECHNICAL REPORT
@TechReport{Freeman,
author = {Janine Freeman and Jonathan Whitmore and Nate Blair and Aron Dobos},
title = {Validation of Multiple Tools for Flat Plate Photovoltaic Modeling Against Measured Data},
institution = {National Renewable Energy Laboratory},
year = {2014},
address = {Colorado},
}

@TechReport{NRELDobos,
author = {Aron P. Dobos},
title = {PVWatts Version 5 Manual},
institution = {National Renewable Energy Laboratory},
year = {2014},
address = {Colorado},
}

@TechReport{NRELBlair,
author = {Nate Blair and Aron Dobos and Janine Freeman and Ty Neises and Michael Wagner},
title = {System Advisor Model, SAM 2014.1.14: General Description},
institution = {National Renewable Energy Laboratory},
year = {2014},
address = {Colorado},
}

@TechReport{Tian,
author = {H Tian and F Mancilla–David and K Ellis and E Muljadic and J Jenkins},
title = {A Detailed Performance Model for Photovoltaic Systems},
institution = {National Renewable Energy Laboratory},
year = {2012},
address = {Colorado},
}
